@online{git,
title = {GitHub},
year = {2014},
note={\url{http://fr.wikipedia.org/wiki/GitHub}},
}
@online{jimd,
title = {JIMDO},
year = {2014},
note={\url{http://fr.wikipedia.org/wiki/Jimdo}},
}

@online{PDF,
author = {CERT-IST},
note={\url{http://www.cert-ist.com/public/fr/SO_detail?code=malicious_pdf}},
}

@online{vm,
author = {VMware},
note={\url{http://www.vmware.com/fr/}},
}
@online{vbox,
author = {VirtualBox},
note={\url{https://www.virtualbox.org/}},
}
@online{mal1,
author = {KernelMode},
note={\url{http://www.kernelmode.info/forum/index.php}},
}
@online{mal2,
author = {Malware.lu},
note={\url{http://www.malware.lu/pages/company.html}},
}
@online{mal3,
author = {Exchange Contagio },
note={\url{http://contagioexchange.blogspot.fr/}},
}
@online{mal4,
author = {CrowdRE},
note={\url{https://crowdre.crowdstrike.com/}},
}
@online{mal5,
author = {VadeRetro Sales malwares},
note={\url{http://www.salesmalwares.com/index.php}},
}
@online{mal6,
author = {Site Malekal's },
note={\url{http://www.malekal.com/}},
}
@online{mal7,
author = {Malware Analysis },
note={\url{http://www.internetpol.fr/wup/?rss}},
}
@online{mal8,
author = {Malware FireEye },
note={\url{http://blog.fireeye.com/research/}},
}
@online{mal9,
author = {Evil3ad},
note={\url{http://www.evild3ad.com/}},
}
@online{mal10,
author = {M86SecurityLabs},
note={\url{http://labs.m86security.com/}},
}
@online{mal11,
author = {malwares Fun },
note={\url{http://fumalwareanalysis.blogspot.fr/}},
}
@online{blog1,
author = {Blog Kaspersky },
note={\url{https://www.securelist.com/en/}},
}
@online{blog2,
author = {Blog Eset },
note={\url{http://blog.eset.com/}},
}
@online{blog3,
author = {Blog Norton},
note={\url{http://www.symantec.com/connect/}},
}
@online{blog4,
author = {Blog Sophos},
note={\url{http://nakedsecurity.sophos.com/}},
}


@online{antivirus,
author = {Sébastien FONTAINE},
title = {Les virus},
year = {2007},
note={\url{http://www.authsecu.com/virus-vers-chevaux-de-troie-hoax/virus-vers-chevaux-de-troie-hoax.php}},
url = {},
}
@online{mise,
author = {Viruslist.com},
title = {Mise à jour des bases antivirus},
year = {2014},
note={\url{http://www.viruslist.com/fr/glossary?glossid=163219184}},
}
@online{windigo,
author = {Alliacom},
title = {Retour sur Windigo, le Malware qui affecte les systèmes Linux et Unix },
year = {2014},
note={\url{http://www.alliacom.com/nous-suivre/blog/item/retour-sur-windigo-le-malware-qui-affecte-les-systemes-linux-et-unix}},
}

@online{sha,
author = {Commentcamarche},
title = {Signature électronique},
year = {2014},
note={\url{http://www.commentcamarche.net/contents/212-signature-electroniquel}},
}
@online{shamd,
author = {wikibooks},
title = {Les fonctions de hachage cryptographiques},
year = {2013},
note={\url{http://fr.wikibooks.org/wiki/Les_fonctions_de_hachage_cryptographiques}},
}

@online{viruslist,
author = {Sécurité Internet},
title = {Comment marche un antivirus},
year = {2014},
note={\url{http://eservice.free.fr/antivirus.html}},
}

@PhdThesis{coh,
author = {F. Cohen},
title = {Computer Viruses},
school = {University of Southern California},
year = {1986},
}


@InBook{adl,
author = {L. Adleman},
title = {An abstract theory of computer viruses},
chapter = {Advances in Cryptology},
year = {1988},
volume = {403},
pages = {354-374},
}

@online{wiki,
author = {wikipedia},
title = {Portable Exécutable},
year = {2013},
note={\url{http://fr.wikipedia.org/wiki/Portable_Executable}},
url = {},
}
@online{rootkit,
author = {wikipedia},
title = {Rootkit},
year = {2013},
note={\url{http://fr.wikipedia.org/wiki/Rootkit}},
url = {},
}
@online{cisco,
author = {cisco},
title = {Cisco 2014 Annual Security Report},
year = {2014},
note={\url{http://www.cisco.com/web/offers/lp/2014-annual-security-report/index.html?.keycode=000350063}},
url = {},
}

@online{hashage,
author = {wikipedia},
title = {Fonction de hashage},
year = {2014},
note={\url{http://fr.wikipedia.org/wiki/Fonction_de_hachage}},
url = {},
}

@online{rans,
author = {wikipedia},
title = {Ransomware},
year = {2014},
note={\url{http://fr.wikipedia.org/wiki/Ransomware}},
url = {http://fr.wikipedia.org/wiki/Ransomware},
}
@online{MS,
author = {Microsoft},
title = {Microsoft PE and COFF Specification},
year = {2013},
note={\url{http://www.microsoft.com/whdc/system/platform/firmware/PECOFF.mspx}},
url = {},
}
@online{PE,
author = {Iczelion's Tutorial},
title = {Explication complète sur le Format PE},
year = {2005},
month = {Février},
note={\url{ftp://ftp-developpez.com/olance/articles/windows/pe-iczelion/luevelsmeyer.zip}},
url = {},
}
@Book{ANA,
author = {Michael Sikorski and Andrew Honig},
editor = {Alison Law},
title = {Practical Malwar Analysis, The Hands-On Guide to Dissecting Malicious Software},
publisher = {William Pollock},
year = {2012},
}
@online{sec,
author = {Michel Hoffmann},
title = {Sécurité informatique},
year = {2008},
note={\url{http://www.dicodunet.com/definitions/internet/securite-informatique.htm}},
url = {},
}
@online{vuln,
author = {Lawrence Rogers},
title = {les vulnérabilités},
year = {2003},
note={\url{http://usinfo.state.gov/journals/itgic/1103/ijgf/gj7f.htm}},
url = {},
}
@online{men,
author = {Marshall D. Abrams},
title = {NIMS Information Security Threat Methodology},
year = {1998},
note={\url{http://www.mitre.org/work/tech_papers/tech_papers_98/nims_information/nims_info.pdf}},
url = {},
}
@online{mal,
author = {Serge WACKER},
title = {LES LOGICIELS MALVEILLANTS},
year = {},
note={\url{http://www.montpellier.iufm.fr/technoprimaire/}},
url = {},
}
@online{virus,
author = {Veronica Diego},
title = {Les virus informatiques},
year = {2004},
note={\url{http://tecfa.unige.ch/staf/staf-j/diego/staf14/ex8/virus.html}},
url = {},
}

@online{ver,
author = {Nicholas Weaver, Vern Paxson, Stuart Staniford, Robert Cunnigham},
title = {A taxonomy of computer worms},
year = {2003},
url = {},
}

@online{troj,
author = {Orange},
title = {Virus, ver, cheval de troie... quelle est la différence ?},
year = {2006},
note={\url{http://www.orange.fr/bin/frame.cgi?u=http%3A//assistance.orange.fr/737.php%3Fdub%3D2%26}},
url = {},
}

@online{root,
author = {mySchool},
title = {Nouvelles menaces, les rootkits},
year = {2005},
note={\url{www.mySchool.lu}},
}


@Book{anti,
author = {Éric Filiol},
title = {Les virus informatiques :théorie, pratique et applications},
publisher = {},
year = {2009},
edition = {Deuxième},
}
@online{antiv,
author = {Guillaume CHARPENTIER, Olivier MONTIGNY, Mathieu ROUSSEAU},
title = {Virus / Antivirus},
year = 2004•},
url = {•},
}
